@book{Awo,
	title={{Category Theory}},
	author="Awodey, S.",
	publisher="Oxford Univ. Press",
	year=2006
}
@book{Bour04,
	title={Algebra},
	author="Bourbaki, N.",
	volume=3,
	year=1950,
	publisher="Springer"
}
@book{Borc,
	title={{Handbook of Categorical Algebra}},
	author="Borceux, F.",
	publisher="Cambridge Univ. Press",
	year=1994,
	edition={{Encyclopedia of Mathematics and its Application}}
}
@book{CohCuySte,
	title={{Some Tapas of Computer Algebra}},
	author="Cohen, A. M. and Cuypers, H. and Sterk, H. (ed.)",
	volume=4,
	edition="Algorithms and Computation in Mathematics",
	year=1999,
	publisher="Springer"
	}
@book{Hart,
	title={{Algebraic Geometry}},
	author="Hartshorne, R.",
	publisher="Springer-Verlag",
	year=1977
}
@book{Kol,
	title={{Differential algebra and algebraic groups}},
	author="Kolchin, E. R.",
	year=1973,
	publisher="Academic Press"
}
@book{Ritt,
	title={{Differential Algebra}},
	author="Ritt, J. F.",
	publisher="American Mathematical Society",
	year=1950,
	volume=33
}
@book{vdPS01,
	title={{Differential Galois-Theory of Linear Differential Equations}},
	author="van der Puts, M. and Singer, M.",
	publisher="Springer, Berlin, New York",
	year=2001
}
@book{Serr,
	title={{Lie algebras and Lie groups}},
	author="Serre, J. P",
	publisher="W. A. Benjamin Inc., New York-Amsterdam",
	volume=1964,
	edition="Lectures given at Havard University",
	year=1965
}
@book{Sweed,
	author="Sweedler, M. E.",
	title={{Hopf algebras}},
	publisher="W. A. Benjamin Inc., New York",
	edition="Mathematical Lecture Note Series",
	year=1969
}
@article{AM,
	title={{Picard-Vessiot extensions of artinian simple module algebras}},
	author="Amano, K and Masuoka, A",
	journal="Journal of Algebra",
	year=2005,
	volume=2,
	number=285,
	pages="743--767"
}
@article{barr,
	title={{Bla cat}},
	author="Barr M.",
	year=1984,
	journal="BlaAlgCrap",
	volume=100,
	number=1,
	pages="nan--nan"
}
@article{OmSho,
	title={{Algebras, Coalgebras and Dualities via Cauchy Modules}},
	author="Al-Omary, R. M. and Al-Shomrani, M. M.",
	journal="International Journal of Algebra",
	volume=4,
	year=2010,
	pages="1081--1092",
	number=22
}
@article{Ume96,
	title={{Galois Theory of Algebraic and Differential Equations}},
	author="Umemura, H.",
	journal="Nagoya Math. J.",
	volume=144,
	year=1996,
	pages="1--58"
}
@article{Ume96b,
	title={{Differential Galois Theory of Infinite Dimensions}},
	author="Umemura, H.",
	journal="Nagoya Math. J.",
	volume=144,
	year=1996,
	pages="59--135"
}
@article{HassSchm,
	title={{Noch eine Begr\"undung der Theorie des h\"oheren
Differentialquotienten in einem algebraischen Funktionenk\"orper
in einer Unbestimmten}},
	author="Hasse, H and Schmidt, F. K",
	journal="J. Reine Angew. Math.",
	volume=177,
	pages="215--237",
	year=1937
}
@article{Sait,
	title={{PBW Basis of Quantized Universal Enveloping Algebras}},
	author="Saito, Y.",
	journal="Publ. RIMS, Kyoto Uni.",
	year=1994,
	pages="209--232",
	volume=3
}
@article{Take,
	title={{A Hopf algebraic approach to Picard-Vessiot theory}},
	author="Takeuchi, M.",
	journal="J. Algebra",
	volume=122,
	number=2,
	pages="481--509",
	year=1989
}
@misc{Amo,
	author="Amano, K",
	title={{Relative invariants, difference equations, and the Picard-Vessiot theory}},
	year=2006,
	note="http://arXiv.org/abs/math/0503291v5"
}
@misc{Matz,
	author="Matzat, B. H.",
	title={{Differential Galois Theory in Positive Characteristic}},
	year = 2001,
	edition="IWR-Preprint",
	number="2001--2035",
	noe="http://www.iwr.uni-heidelberg.de/organization/sfb359/Preprints2001.html"
}
@misc{Heid11,
	title={{Galois Theory Of Artinian Simple Module Algebras}},
	author="Heiderich, F.",
	year=2011,
	note="http://arxiv.org/abs/1111.6522v1"
}
@misc{Heid13,
	title={{Introduction to Galois-Theory of Artinian Simple Module Algebras}},
	author="Heiderich, F.",
	year=2013,
	note="http://publications.hse.ru/view/102439549"
}
@misc{Milne,
author={Milne, James S.},
title={Basic Theory of Affine Group Schemes},
year={2012},
note={Available at www.jmilne.org/math/}
}
@misc{Klim,
	title={{Nonstandard q-deformation of the universal enveloping algebra U(so n)}},
	author="Klimyk, A. U.",
	year=1999,
	note="http://arxiv.org/abs/math/9911114v1"
}
@misc{SaitoUmemura,
	title={{Quantization of Galois theory, Examples and observations}},
	author="Saito, K. and Umemura, H.",
	year=2012,
	note="http://arxiv.org/abs/1212.3392v1"
}
@misc{SaitoUmemura01,
	title={{Can we quantize Galois theory?}},
	author="Saito, K. and Umemura, H.",
	year=2013,
	note="http://arxiv.org/abs/1306.3660v1"
}
@misc{Strickl,
	title={{Formal Schemes and Formal Groups}},
	author="Strickland, N. P.",
	year=2000,
	note="http://arxiv.org/abs/math/0011121v1"
}
@phdthesis{Heid10,
	title={{Galois Theory of Module Fields}},
	author="Heiderich, F.",
	year=2010,
	school="Universidad Barcelona"
}