../../Script_Diff_Gal07/references.bib